<?xml version="1.0" encoding="utf-8"?>
<record xmlns="http://www.loc.gov/MARC21/slim" xmlns:xsi="http://www.w3.org/2001/XMLSchema-instance" xsi:schemaLocation="http://www.loc.gov/MARC21/slim http://www.loc.gov/standards/marcxml/schema/MARC21slim.xsd">
	<leader>     nam a22     Mi 4500</leader>
	<controlfield tag="001">b12480150</controlfield>
	<controlfield tag="003">LeBAU</controlfield>
	<controlfield tag="006">m        d        </controlfield>
	<controlfield tag="007">cr cn |||m|||a</controlfield>
	<controlfield tag="008">200626m19541959ua      ob    000 0 ara d</controlfield>
	<datafield ind1=" " ind2=" " tag="040">
		<subfield code="a">ZYU</subfield>
		<subfield code="b">ara</subfield>
		<subfield code="e">rda</subfield>
		<subfield code="c">ZYU</subfield>
	</datafield>
	<datafield ind1="0" ind2="4" tag="082">
		<subfield code="a">349.297</subfield>
		<subfield code="2">20</subfield>
	</datafield>
	<datafield ind1="1" ind2=" " tag="100">
		<subfield code="6">880-01</subfield>
		<subfield code="a">Sanhūrī, ʻAbd al-Razzāq Aḥmad,</subfield>
		<subfield code="d">1895-1971.</subfield>
		<subfield code="e">author.</subfield>
		<subfield code="0">https://lccn.loc.gov/n80007820 ,</subfield>
	</datafield>
	<datafield ind1="1" ind2="0" tag="245">
		<subfield code="6">880-02</subfield>
		<subfield code="a">Maṣādir al-ḥaqq fī al-fiqh al-Islāmī :</subfield>
		<subfield code="b">dirāsah muqāranah fī al-fiqh al-gharbī al-ḥadīth /</subfield>
		<subfield code="c">alqāhā al-Duktūr ʻAbd al-Razzāq al-Sanhūrī ʻalá ṭalabat qism al-dirāsāt al-qānūnīyah.</subfield>
	</datafield>
	<datafield ind1=" " ind2="1" tag="264">
		<subfield code="6">880-03</subfield>
		<subfield code="a">[al-Qāhirah] :</subfield>
		<subfield code="b">Jāmiʻat al-Duwal al-ʻArabīyah, Maʻhad al-Dirāsāt al-ʻArabīyah al-ʻĀliyah,</subfield>
		<subfield code="c">1954-1959.</subfield>
	</datafield>
	<datafield ind1=" " ind2=" " tag="300">
		<subfield code="6">880-04</subfield>
		<subfield code="a">online resource (6 volumes)</subfield>
	</datafield>
	<datafield ind1=" " ind2=" " tag="336">
		<subfield code="a">text</subfield>
		<subfield code="2">rdacontent</subfield>
	</datafield>
	<datafield ind1=" " ind2=" " tag="337">
		<subfield code="a">computer</subfield>
		<subfield code="2">rdamedia</subfield>
	</datafield>
	<datafield ind1=" " ind2=" " tag="338">
		<subfield code="a">online resource</subfield>
		<subfield code="2">rdacarrier</subfield>
	</datafield>
	<datafield ind1=" " ind2=" " tag="500">
		<subfield code="a">Part of the Arabic Collections Online (ACO) project, contributed by American University of Beirut's Jafet Memorial Library.</subfield>
	</datafield>
	<datafield ind1=" " ind2=" " tag="533">
		<subfield code="a">Electronic reproduction.</subfield>
		<subfield code="b">New York, N.Y. :</subfield>
		<subfield code="c">New York University,</subfield>
		<subfield code="d">2020.</subfield>
		<subfield code="5">NNU</subfield>
	</datafield>
	<datafield ind1=" " ind2="0" tag="650">
		<subfield code="6">880-05</subfield>
		<subfield code="a">Contracts (Islamic law)</subfield>
	</datafield>
	<datafield ind1=" " ind2="0" tag="650">
		<subfield code="6">880-06</subfield>
		<subfield code="a">Comparative law.</subfield>
	</datafield>
	<datafield ind1="2" ind2=" " tag="710">
		<subfield code="a">Jafet Memorial Library.</subfield>
	</datafield>
	<datafield ind1="0" ind2=" " tag="730">
		<subfield code="a">Arabic Collections Online.</subfield>
	</datafield>
	<datafield ind1="0" ind2="8" tag="776">
		<subfield code="i">Print version:</subfield>
		<subfield code="a">Sanhūrī, ʻAbd al-Razzāq Aḥmad, 1895-1971. author. https://lccn.loc.gov/n80007820 ,</subfield>
		<subfield code="t">Maṣādir al-ḥaqq fī al-fiqh al-Islāmī</subfield>
		<subfield code="w">(LeBAU)b12480150</subfield>
	</datafield>
	<datafield ind1="4" ind2="0" tag="856">
		<subfield code="u">http://hdl.handle.net/2333.1/k0p2ns94</subfield>
	</datafield>
	<datafield ind1="1" ind2=" " tag="880">
		<subfield code="6">100-01</subfield>
		<subfield code="a">السنهوري، عبد الرزاق احمد،</subfield>
		<subfield code="d">1895-1971،</subfield>
		<subfield code="0">https://lccn.loc.gov/n80007820 ,</subfield>
		<subfield code="e">مؤلف.</subfield>
		<subfield code="4">aut.</subfield>
	</datafield>
	<datafield ind1="1" ind2="0" tag="880">
		<subfield code="6">245-02</subfield>
		<subfield code="a">مصادر الحق في الفقه الإسلامي :</subfield>
		<subfield code="b">دراسة مقارنة في الفقه الغربي الحديث /</subfield>
		<subfield code="c">ألقاها الدكتور عبد الرزاق السنهوري على طلبة قسم الدراسات القانونية.</subfield>
	</datafield>
	<datafield ind1=" " ind2="1" tag="880">
		<subfield code="6">264-03</subfield>
		<subfield code="a">[القاهرة] :</subfield>
		<subfield code="b">جامعة الدول العربية، معهد الدراسات العربية العالية،</subfield>
		<subfield code="c">1954-1959.</subfield>
	</datafield>
	<datafield ind1=" " ind2=" " tag="880">
		<subfield code="6">300-04</subfield>
		<subfield code="a">6 أجزاء ؛</subfield>
		<subfield code="c">24 سم</subfield>
	</datafield>
	<datafield ind1=" " ind2=" " tag="880">
		<subfield code="6">504-00</subfield>
		<subfield code="a">يتضمن مراجع ببليوغرافية.</subfield>
	</datafield>
	<datafield ind1="0" ind2="0" tag="880">
		<subfield code="6">505-00</subfield>
		<subfield code="a">(1).</subfield>
		<subfield code="t">مقدمة - صيغة العقد --</subfield>
		<subfield code="g">(2).</subfield>
		<subfield code="t">توافق الإرادتين في مجلس العقد، صحة التراضي (الغلط - التدليس - الإكراه) --</subfield>
		<subfield code="g">(3).</subfield>
		<subfield code="t">محل العقد --</subfield>
		<subfield code="g">(4).</subfield>
		<subfield code="t">نظرية السبب ونظرية البطلان --</subfield>
		<subfield code="g">(5).</subfield>
		<subfield code="t">أثر العقد بالنسبة الى الأشخاص، الخلف العام والخلف الخاص - الدعوى البولصية والاعسار - التعهد عن الغير والإشتراطات لمصلحة الغير -- النيابة في التعاقد --</subfield>
		<subfield code="g">(6).</subfield>
		<subfield code="t">أثر العقد بالنسبة الى الموضوع - زوال العقد.</subfield>
	</datafield>
	<datafield ind1=" " ind2=" " tag="880">
		<subfield code="6">541-00</subfield>
		<subfield code="c">هبة؛</subfield>
		<subfield code="a">حسين محمود مكي؛</subfield>
		<subfield code="d">2014؛</subfield>
		<subfield code="3">مكتبة يافث النسخة 1 الجزء 1.</subfield>
	</datafield>
	<datafield ind1=" " ind2=" " tag="880">
		<subfield code="6">541-00</subfield>
		<subfield code="c">هبة؛</subfield>
		<subfield code="a">مكتبة المفتي الشيخ حسن خالد؛</subfield>
		<subfield code="d">2017؛</subfield>
		<subfield code="3">مكتبة يافث النسخة 2 الأجزاء 1، 3-6.</subfield>
	</datafield>
	<datafield ind1=" " ind2=" " tag="880">
		<subfield code="6">590-00</subfield>
		<subfield code="a">في المكتبة: نسخة مكتبة يافث، ج. 1-6 ؛ نسخة مكتبة المفتي الشيخ حسن خالد، ج. 1، 3-6.</subfield>
	</datafield>
	<datafield ind1=" " ind2=" " tag="880">
		<subfield code="6">590-00</subfield>
		<subfield code="a">نسخة مكتبة المفتي الشيخ حسن خالد الاجزاء 4-6 مجلدة في مجلد واحد.</subfield>
	</datafield>
	<datafield ind1=" " ind2="4" tag="880">
		<subfield code="6">650-05</subfield>
		<subfield code="a">العقود (الفقه الاسلامي)</subfield>
	</datafield>
	<datafield ind1=" " ind2="4" tag="880">
		<subfield code="6">650-06</subfield>
		<subfield code="a">القانون المقارن.</subfield>
	</datafield>
	<datafield ind1=" " ind2=" " tag="959">
		<subfield code="a">NNU</subfield>
		<subfield code="b">WEB</subfield>
		<subfield code="c">GENI</subfield>
		<subfield code="t">0</subfield>
		<subfield code="m">Electronic access</subfield>
		<subfield code="s">01</subfield>
	</datafield>
	<datafield ind1=" " ind2=" " tag="999">
		<subfield code="i">LeBAU_b12480150</subfield>
		<subfield code="s">aub_aco003908:v.1</subfield>
		<subfield code="s">aub_aco003909:v.2</subfield>
		<subfield code="s">aub_aco003910:v.3</subfield>
		<subfield code="s">aub_aco003911:v.4</subfield>
		<subfield code="s">aub_aco003912:v.5</subfield>
		<subfield code="s">aub_aco003913:v.6</subfield>
		<subfield code="e">(ERROR-MISC)</subfield>
		<subfield code="s">aub_aco003908:v.1</subfield>
		<subfield code="s">aub_aco003909:v.2</subfield>
		<subfield code="s">aub_aco003910:v.3</subfield>
		<subfield code="s">aub_aco003911:v.4</subfield>
		<subfield code="s">aub_aco003912:v.5</subfield>
		<subfield code="s">aub_aco003913:v.6</subfield>
	</datafield>
</record>
